<record xmlns='http://www.loc.gov/MARC21/slim'><leader>01580cim a22003492u 4500</leader><controlfield tag='001'>3600703</controlfield><controlfield tag='005'>20151214182655.0</controlfield><controlfield tag='007'>ss|lmnjluz|nuu</controlfield><controlfield tag='008'>991101s1988    nyunnn         l    eng  </controlfield><datafield ind1=' ' ind2=' ' tag='035'><subfield code='a'>(NIC)notisASF7768</subfield></datafield><datafield ind1=' ' ind2=' ' tag='035'><subfield code='a'>3600703</subfield></datafield><datafield ind1=' ' ind2=' ' tag='035'><subfield code='a'>(OCoLC)63896473</subfield></datafield><datafield ind1=' ' ind2=' ' tag='040'><subfield code='a'>NIC</subfield><subfield code='c'>NIC</subfield><subfield code='d'>NIC</subfield></datafield><datafield ind1='1' ind2=' ' tag='100'><subfield code='a'>Keene, David A.</subfield></datafield><datafield ind1='1' ind2='0' tag='245'><subfield code='a'>1988 presidential campaign forum</subfield><subfield code='h'>[sound recording]</subfield></datafield><datafield ind1=' ' ind2=' ' tag='260'><subfield code='c'>1988.</subfield></datafield><datafield ind1=' ' ind2=' ' tag='300'><subfield code='a'>2 sound cassettes (140 min.) :</subfield><subfield code='b'>analog, mono.</subfield></datafield><datafield ind1=' ' ind2=' ' tag='500'><subfield code='a'>Recorded in Ithaca, NY by Cornell University.</subfield></datafield><datafield ind1=' ' ind2=' ' tag='500'><subfield code='a'>Accompanied by: Notes.</subfield></datafield><datafield ind1=' ' ind2=' ' tag='500'><subfield code='a'>Sponsored by: Mortar Board Honor Society,Cornell Political Forum,Cornell Republicans,Cornell Democrats.</subfield></datafield><datafield ind1=' ' ind2=' ' tag='500'><subfield code='a'>Speaker(s): Keene is chairman of the American Conservative Union;  Yepsen is a reporter for the Des Moines Register;  Frankovic is director of surveys for the CBS News Election Unit and a 1968 Cornell graduate; Ginsberg is a government professor at Cornell; Chapman, who serves as moderator, is the executive director of the Cornell News Service and a former bureau chief for ABC News.</subfield></datafield><datafield ind1=' ' ind2=' ' tag='518'><subfield code='a'>Panel, April 11, 1988.</subfield></datafield><datafield ind1=' ' ind2=' ' tag='520'><subfield code='a'>Discussants address the question &quot;is this democracy?&quot; in relation to the 1988 presidential election.</subfield></datafield><datafield ind1=' ' ind2='0' tag='650'><subfield code='a'>Politics, Practical.</subfield></datafield><datafield ind1=' ' ind2='7' tag='650'><subfield code='a'>Politics, Practical</subfield><subfield code='2'>fast</subfield><subfield code='0'>(OCoLC)fst01069977</subfield></datafield><datafield ind1='1' ind2=' ' tag='700'><subfield code='a'>Chapman, Irv.</subfield></datafield><datafield ind1='1' ind2=' ' tag='700'><subfield code='a'>Ginsberg, Benjamin.</subfield></datafield><datafield ind1='1' ind2=' ' tag='700'><subfield code='a'>Frankovic, Kathleen.</subfield></datafield><datafield ind1='1' ind2=' ' tag='700'><subfield code='a'>Yepsen, David.</subfield></datafield><datafield ind1='1' ind2=' ' tag='899'><subfield code='a'>CULectures</subfield></datafield><datafield ind1=' ' ind2=' ' tag='905'><subfield code='a'>19991201120000.0</subfield></datafield><datafield ind1='2' ind2=' ' tag='948'><subfield code='a'>20141221</subfield><subfield code='b'>m</subfield><subfield code='d'>batch</subfield><subfield code='e'>lts</subfield><subfield code='x'>addfast</subfield></datafield></record>